@article{Baker2016,
  author  = {{Baker}, Monya},
  title   = {{1,500 scientists lift the lid on reproducibility}},
  journal = {\nat},
  year    = 2016,
  month   = may,
  volume  = {533},
  number  = {7604},
  pages   = {452-454},
  doi     = {10.1038/533452a},
  adsurl  = {https://ui.adsabs.harvard.edu/abs/2016Natur.533..452B},
  adsnote = {Provided by the SAO/NASA Astrophysics Data System}
}

@article{Molder2021,
  author  = { M\"older, F and Jablonski, KP and Letcher, B and Hall, MB and Tomkins-Tinch, CH and Sochat, V and Forster, J and Lee, S and Twardziok, SO and Kanitz, A and Wilm, A and Holtgrewe, M and Rahmann, S and Nahnsen, S and K\"oster, J},
  title   = {Sustainable data analysis with Snakemake [version 1; peer review: 1 approved, 1 approved with reservations]
},
  journal = {F1000Research},
  volume  = {10},
  year    = {2021},
  number  = {33},
  doi     = {10.12688/f1000research.29032.1}
}

@article{Luger2019,
  author        = {{Luger}, Rodrigo and {Agol}, Eric and {Foreman-Mackey}, Daniel and {Fleming}, David P. and {Lustig-Yaeger}, Jacob and {Deitrick}, Russell},
  title         = {{starry: Analytic Occultation Light Curves}},
  journal       = {\aj},
  keywords      = {eclipses, methods: analytical, occultations, techniques: photometric, Astrophysics - Instrumentation and Methods for Astrophysics, Astrophysics - Earth and Planetary Astrophysics, Astrophysics - Solar and Stellar Astrophysics},
  year          = 2019,
  month         = feb,
  volume        = {157},
  number        = {2},
  eid           = {64},
  pages         = {64},
  doi           = {10.3847/1538-3881/aae8e5},
  archiveprefix = {arXiv},
  eprint        = {1810.06559},
  primaryclass  = {astro-ph.IM},
  adsurl        = {https://ui.adsabs.harvard.edu/abs/2019AJ....157...64L},
  adsnote       = {Provided by the SAO/NASA Astrophysics Data System}
}

