@article{Baker2016,
  author  = { {Baker}, Monya },
  title   = { {1,500 scientists lift the lid on reproducibility} },
  journal = {\nat},
  year    = 2016,
  month   = may,
  volume  = {533},
  number  = {7604},
  pages   = {452-454},
  doi     = {10.1038/533452a},
  adsurl  = {https://ui.adsabs.harvard.edu/abs/2016Natur.533..452B},
  adsnote = {Provided by the SAO/NASA Astrophysics Data System}
}

@article{Molder2021,
  author  = { M\"older, F and Jablonski, KP and Letcher, B and Hall, MB and Tomkins-Tinch, CH and Sochat, V and Forster, J and Lee, S and Twardziok, SO and Kanitz, A and Wilm, A and Holtgrewe, M and Rahmann, S and Nahnsen, S and K\"oster, J},
  title   = {Sustainable data analysis with Snakemake [version 1; peer review: 1 approved, 1 approved with reservations]
},
  journal = {F1000Research},
  volume  = {10},
  year    = {2021},
  number  = {33},
  doi     = {10.12688/f1000research.29032.1}
}
